@online{texdoc_2023,
  address = {Santa Clara, CA, USA},
  author  = {TEXDoc},
  note    = {Site de documentações do projeto TEXDOC.},
  title   = {TEXDOC online documentation},
  url     = {https://texdoc.org/index.html},
  urldate = {2023-07-21},
  year    = {2023},
}
